% bibliography
%
% see details at the end of this file
%
@article{mignot:hal-00941568,
  TITLE = {{On the evolution of the oceanic component of the IPSL climate models from CMIP3 to CMIP5: A mean state comparison}},
  AUTHOR = {Mignot, Juliette and Swingedouw, Didier and Deshayes, Julie and Marti, Olivier and Talandier, Claude and S{\'e}f{\'e}rian, Roland and Lengaigne, Matthieu and Madec, Gurvan},
  URL = {https://hal.archives-ouvertes.fr/hal-00941568},
  JOURNAL = {{Ocean Modelling}},
  PUBLISHER = {{Elsevier}},
  VOLUME = {72},
  PAGES = {167-184},
  YEAR = {2013},
  MONTH = Dec,
  DOI = {10.1016/J.OCEMOD.2013.09.001},
  KEYWORDS = { Climate model ; Parameterizations ; Ocean modelling ;  Coupled ocean biogeochemistry ; PAGO},
  PDF = {https://hal.archives-ouvertes.fr/hal-00941568/file/ocean_modeling_mignot.pdf},
  HAL_ID = {hal-00941568},
  HAL_VERSION = {v1},
}

@article{deshayes:hal-01128173,
  TITLE = {{CMIP5 Model Intercomparison of Freshwater Budget and Circulation in the North Atlantic}},
  AUTHOR = {Deshayes, Julie and Curry, Ruth and Msadek, Rym},
  URL = {https://hal.archives-ouvertes.fr/hal-01128173},
  JOURNAL = {{Journal of Climate}},
  PUBLISHER = {{American Meteorological Society}},
  VOLUME = {27},
  NUMBER = {9},
  PAGES = {3298-3317},
  YEAR = {2014},
  MONTH = May,
  DOI = {10.1175/JCLI-D-12-00700.1},
  KEYWORDS = {PAGO ; Atmosphere-ocean interaction ;  North Atlantic Oscillation ;  Climate variability ;  Model comparison ;  Climate models ;  Freshwater},
  HAL_ID = {hal-01128173},
  HAL_VERSION = {v1},
}

@article{barrier:hal-01126661,
  TITLE = {{Heat budget in the North Atlantic subpolar gyre: Impacts of atmospheric weather regimes on the 1995 warming event}},
  AUTHOR = {Barrier, Nicolas and Deshayes, Julie and Treguier, Anne-Marie and Cassou, Christophe},
  URL = {https://hal.archives-ouvertes.fr/hal-01126661},
  JOURNAL = {{Progress in Oceanography}},
  PUBLISHER = {{Elsevier}},
  VOLUME = {130},
  PAGES = {75-90},
  YEAR = {2015},
  MONTH = Jan,
  DOI = {10.1016/j.pocean.2014.10.001},
  KEYWORDS = { it is due to a fast change in the gyre circulation ;  Heat budget is performed in the western and eastern subpolar gyre  ; The mechanisms of the 1995 warming of the subpolar gyre are addressed  ;  the warming is due to a delayed spin-up of the MOC  ;  In the eastern subpolar gyre ;  In the western subpolar gyre},
  HAL_ID = {hal-01126661},
  HAL_VERSION = {v1},
}
@article{msadek:hal-01187169,
  TITLE = {{The Atlantic Meridional Heat Transport at 26.5{\textdegree}N and Its Relationship with the MOC in the RAPID Array and the GFDL and NCAR Coupled Models}},
  AUTHOR = {Msadek, Rym and Johns, William E. and Yeager, Stephen G. and Danabasoglu, Gokhan and Delworth, Thomas L. and Rosati, Anthony},
  URL = {https://hal.archives-ouvertes.fr/hal-01187169},
  JOURNAL = {{Journal of Climate}},
  PUBLISHER = {{American Meteorological Society}},
  VOLUME = {26},
  NUMBER = {12},
  PAGES = {4335--4356},
  YEAR = {2013},
  MONTH = Jun,
  DOI = {10.1175/JCLI-D-12-00081.1},
  KEYWORDS = {North Atlantic Ocean ;  Mass fluxes/transport ;  Meridional overturning circulation ;  Ocean dynamics ;  Climate models},
  HAL_ID = {hal-01187169},
  HAL_VERSION = {v1},
}

@article{talandier:hal-00944219,
  TITLE = {{Improvements of simulated Western North Atlantic current system and impacts on the AMOC}},
  AUTHOR = {Talandier, Claude and Deshayes, Julie and Tr{\'e}guier, Anne-Marie and Capet, Xavier and Benshila, Rachid and Debreu, Laurent and Dussin, Rapha{\"e}l and Molines, Jean-Marc and Madec, Gurvan},
  URL = {https://hal.inria.fr/hal-00944219},
  JOURNAL = {{Ocean Modelling}},
  PUBLISHER = {{Elsevier}},
  VOLUME = {79},
  PAGES = {1-19},
  YEAR = {2014},
  MONTH = Jan,
  DOI = {10.1016/j.ocemod.2013.12.007},
  KEYWORDS = {Subpolar gyre ; Gulf Stream ; North Atlantic Current ; Atlantic Meridional Overturning Circulation ; Deep Western Boundary Current},
  HAL_ID = {hal-00944219},
  HAL_VERSION = {v1},
}
% EVOLUTIONS
% ==========
%
% - fplod 20151007T113904Z guest-242.locean-ipsl.upmc.fr (Darwin)
%
%   - add talandier:hal-00944219 (no keyword pago on hal)
%
% - fplod 20150703T153455Z guest-242.locean-ipsl.upmc.fr (Darwin)
%
%   * add barrier:hal-01126661 (not yet keyword pago on hal)
%
% - fplod 20150703T123516Z callisto.locean-ipsl.upmc.fr (Linux)
%
%   created using HAL exportation in bibtex format
%
%   .. code-block:: bash
%
%      wget "http://api.archives-ouvertes.fr/search/?q=*:*&wt=bibtex&fq=keyword_s:(PAGO)" -O pago.bib
